@article{machine_learning,
    author        = {Zhiqiang Ge and Zhihuan Song and Steven X. Ding and Biao Huang},
    title         = {Data Mining and Analytics in the Process Industry: The Role of Machine                          Learning},
    journaltitle  = {IEEE},
    year          = {2017},
    pages         = {20590 - 20616}
    doi           = {10.1109/ACCESS.2017.2756872}
}

% @online{<citation key>,
%     author        = {},
%     title         = {},
%     year          = {},
%     url           = {}
% }
 
% @book{<citation key>,
%     author        = {},
%     title         = {},
%     year          = {}
% }